@book{arm2009,
 author = "{ARM Limited}",
 title = {ARM Architecture Reference Manual ARMv7-A and ARMv7-R edition},
 year = {2009},
} 
